

  <record>
    <leader>66662cim  2200457Ia 45í0</leader>
    <controlfield tag="001">a905</controlfield>
    <controlfield tag="008">041202s2000    mdunnn  s      f    eng d</controlfield>
    <datafield tag="245" ind1="1" ind2="0">
      <subfield code="a">nine-oh-five</subfield>
    </datafield>
    <datafield tag="905" ind1=" " ind2=" ">
      <subfield code="a">905a</subfield>
      <subfield code="g">905g</subfield>
      <subfield code="r">905r</subfield>
      <subfield code="t">905t</subfield>
      <subfield code="u">905u</subfield>
    </datafield>
  </record>