
  
  <record>
    <leader>66662cim  2200457Ia 45í0</leader>
    <controlfield tag="001">abothx20</controlfield>
    <controlfield tag="008">041202s2000    mdunnn  s      f    eng d</controlfield>
    <datafield tag="245" ind1="1" ind2="0">
      <subfield code="a">five-twenty and nine-twenty</subfield>
    </datafield>
    <datafield tag="520" ind1=" " ind2=" ">
      <subfield code="a">520a</subfield>
      <subfield code="b">520b</subfield>
      <subfield code="c">520c</subfield>
      <subfield code="u">520u</subfield>
    </datafield>
    <datafield tag="920" ind1=" " ind2=" ">
      <subfield code="a">920a</subfield>
      <subfield code="b">920b</subfield>
      <subfield code="c">920c</subfield>
      <subfield code="u">920u</subfield>
    </datafield>
  </record>