
  
  <!-- 586, 986 -->
  <record>
    <leader>01309cam a2200373Ma 4500</leader>
    <controlfield tag="001">a586</controlfield>
    <controlfield tag="008">071221s2008 nz c 000 1 eng </controlfield>
    <datafield tag="245" ind1="1" ind2="0">
      <subfield code="a">record with a 586 but no 986</subfield>
    </datafield>
    <datafield tag="586" ind1=" " ind2=" ">
      <subfield code="a">New Zealand Post book awards winner</subfield>
    </datafield>
  </record>