
  
  <record xmlns="http://www.loc.gov/MARC21/slim">
    <leader>01509nam a2200433 a 4500</leader>
    <controlfield tag="001">a986</controlfield>
    <controlfield tag="008">060116s2005 nz ac b 001 0 eng </controlfield>
    <datafield tag="245" ind1="1" ind2="0">
      <subfield code="a">record with no 586, but a 986</subfield>
    </datafield>
    <datafield tag="986" ind1=" " ind2=" ">
      <subfield code="a">Shortlisted for Montana New Zealand Book Awards: History Category 2006.</subfield>
      <subfield code="1">Nielsen</subfield>
    </datafield>
  </record>