
  
  <record>
    <leader>01309cam a2200373Ma 4500</leader>
    <controlfield tag="001">abothx86</controlfield>
    <controlfield tag="008">071221s2008 nz c 000 1 eng </controlfield>
    <datafield tag="245" ind1="1" ind2="0">
      <subfield code="a">Both 586 and 986</subfield>
    </datafield>
    <datafield tag="586" ind1=" " ind2=" ">
      <subfield code="a">586 award</subfield>
    </datafield>
    <datafield tag="986" ind1=" " ind2=" ">
      <subfield code="a">986 award</subfield>
      <subfield code="1">Nielsen</subfield>
    </datafield>
  </record>
  
</collection>
